<record><leader>00000cas a22000007a 4500</leader><controlfield tag="001">10475100</controlfield><controlfield tag="008">840301d18721906pauwr ne      0    0eng d</controlfield><datafield ind1=" " ind2=" " tag="010"><subfield code="a">sn 84026407 </subfield></datafield><datafield ind1=" " ind2=" " tag="040"><subfield code="a">NPU</subfield><subfield code="b">eng</subfield><subfield code="c">NPU</subfield><subfield code="d">OCL</subfield><subfield code="d">NPX</subfield><subfield code="d">NPH</subfield><subfield code="d">OCLCQ</subfield></datafield><datafield ind1=" " ind2=" " tag="042"><subfield code="a">msc</subfield></datafield><datafield ind1="0" ind2="0" tag="245"><subfield code="a">Spring City sun.</subfield></datafield><datafield ind1="1" ind2="7" tag="246"><subfield code="a">Weekly sun</subfield></datafield><datafield ind1="3" ind2="0" tag="246"><subfield code="a">Sun</subfield></datafield><datafield ind1=" " ind2=" " tag="260"><subfield code="a">Spring City, Pa. :</subfield><subfield code="b">John H. Royer</subfield></datafield><datafield ind1=" " ind2=" " tag="300"><subfield code="a">v. ;</subfield><subfield code="c">66 cm.</subfield></datafield><datafield ind1=" " ind2=" " tag="310"><subfield code="a">Weekly</subfield></datafield><datafield ind1="1" ind2=" " tag="362"><subfield code="a">Ceased in 1906.</subfield></datafield><datafield ind1=" " ind2=" " tag="500"><subfield code="a">Editor: John H. Royer, &lt;1876&gt;.</subfield></datafield><datafield ind1=" " ind2=" " tag="580"><subfield code="a">Published as: Sun, &lt;1883-1884&gt;.</subfield></datafield><datafield ind1=" " ind2=" " tag="588"><subfield code="a">Description based on: Vol. 1, no. 43 (Jan. 11, 1873).</subfield></datafield><datafield ind1=" " ind2=" " tag="752"><subfield code="a">United States</subfield><subfield code="b">Pennsylvania</subfield><subfield code="c">Chester</subfield><subfield code="d">Spring City.</subfield></datafield><datafield ind1="0" ind2="0" tag="785"><subfield code="t">Spring City daily sun and weekly sun</subfield><subfield code="w">(DLC)sn 90069139</subfield></datafield><datafield ind1="1" ind2=" " tag="029"><subfield code="a">AU@</subfield><subfield code="b">000025783763</subfield></datafield></record>